<record><leader>00000cas a22000007a 4500</leader><controlfield tag="001">51066617</controlfield><controlfield tag="008">021125c20029999vauwr ne      0    0eng d</controlfield><datafield ind1=" " ind2=" " tag="010"><subfield code="a">sn2003061506</subfield></datafield><datafield ind1=" " ind2=" " tag="040"><subfield code="a">VIC</subfield><subfield code="b">eng</subfield><subfield code="c">VIC</subfield><subfield code="d">NVK</subfield><subfield code="d">OCLCQ</subfield><subfield code="d">OCLCF</subfield><subfield code="d">OCLCO</subfield></datafield><datafield ind1="1" ind2=" " tag="029"><subfield code="a">AU@</subfield><subfield code="b">000024394309</subfield></datafield><datafield ind1=" " ind2=" " tag="042"><subfield code="a">msc</subfield></datafield><datafield ind1=" " ind2=" " tag="043"><subfield code="a">n-us-va</subfield></datafield><datafield ind1="0" ind2=" " tag="130"><subfield code="a">Monitor (Sutherland, Va.)</subfield></datafield><datafield ind1="0" ind2="4" tag="245"><subfield code="a">The Monitor.</subfield></datafield><datafield ind1=" " ind2=" " tag="260"><subfield code="a">Sutherland, Va. :</subfield><subfield code="b">Page Publications,</subfield><subfield code="c">2002-</subfield></datafield><datafield ind1=" " ind2=" " tag="300"><subfield code="a">v.</subfield></datafield><datafield ind1=" " ind2=" " tag="310"><subfield code="a">Weekly (every Wed.)</subfield></datafield><datafield ind1="0" ind2=" " tag="362"><subfield code="a">Vol. 16, no. 42 (Nov. 6, 2002)-</subfield></datafield><datafield ind1=" " ind2=" " tag="500"><subfield code="a">Sold to Page family of Dinwiddie Nov. 1.</subfield></datafield><datafield ind1=" " ind2=" " tag="583"><subfield code="a">11/02 PSR</subfield></datafield><datafield ind1=" " ind2="0" tag="651"><subfield code="a">Dinwiddie County (Va.)</subfield><subfield code="v">Newspapers.</subfield></datafield><datafield ind1=" " ind2="0" tag="651"><subfield code="a">Dinwiddie (Va.)</subfield><subfield code="v">Newspapers.</subfield></datafield><datafield ind1=" " ind2="0" tag="651"><subfield code="a">Petersburg (Va.)</subfield><subfield code="v">Newspapers.</subfield></datafield><datafield ind1=" " ind2="7" tag="655"><subfield code="a">Newspapers.</subfield><subfield code="2">fast</subfield><subfield code="0">(OCoLC)fst01423814</subfield></datafield><datafield ind1=" " ind2="7" tag="651"><subfield code="a">Virginia</subfield><subfield code="z">Dinwiddie.</subfield><subfield code="2">fast</subfield><subfield code="0">(OCoLC)fst01257827</subfield></datafield><datafield ind1=" " ind2="7" tag="651"><subfield code="a">Virginia</subfield><subfield code="z">Dinwiddie County.</subfield><subfield code="2">fast</subfield><subfield code="0">(OCoLC)fst01234160</subfield></datafield><datafield ind1=" " ind2="7" tag="651"><subfield code="a">Virginia</subfield><subfield code="z">Petersburg.</subfield><subfield code="2">fast</subfield><subfield code="0">(OCoLC)fst01209840</subfield></datafield><datafield ind1=" " ind2=" " tag="752"><subfield code="a">United States</subfield><subfield code="b">Virginia</subfield><subfield code="c">Dinwiddie</subfield><subfield code="d">Dinwiddie.</subfield></datafield><datafield ind1=" " ind2=" " tag="752"><subfield code="a">United States</subfield><subfield code="b">Virginia</subfield><subfield code="d">Petersburg.</subfield></datafield><datafield ind1="0" ind2="4" tag="780"><subfield code="t">Dinwiddie monitor</subfield><subfield code="w">(DLC)sn 99066769</subfield></datafield><datafield ind1="0" ind2="4" tag="780"><subfield code="t">Petersburg monitor</subfield><subfield code="w">(DLC)sn2000064932</subfield></datafield></record>